<record><leader>00000cas a22000007a 4500</leader><controlfield tag="001">20569823</controlfield><controlfield tag="008">891030c19849999arudn ne      0    0eng d</controlfield><datafield ind1=" " ind2=" " tag="010"><subfield code="a">sn 89051407 </subfield></datafield><datafield ind1=" " ind2=" " tag="040"><subfield code="a">ANU</subfield><subfield code="b">eng</subfield><subfield code="c">ANU</subfield><subfield code="d">OCLCQ</subfield><subfield code="d">OCLCF</subfield><subfield code="d">OCLCO</subfield></datafield><datafield ind1=" " ind2=" " tag="042"><subfield code="a">msc</subfield></datafield><datafield ind1=" " ind2=" " tag="043"><subfield code="a">n-us-ar</subfield></datafield><datafield ind1="0" ind2=" " tag="130"><subfield code="a">Daily world (Helena, Ark. : 1984)</subfield></datafield><datafield ind1="1" ind2="4" tag="245"><subfield code="a">The Daily world.</subfield></datafield><datafield ind1="1" ind2="3" tag="246"><subfield code="a">Helena-West Helena daily world</subfield><subfield code="f">Apr. 22-Sept. 3, 1984</subfield></datafield><datafield ind1=" " ind2=" " tag="260"><subfield code="a">Helena, Ark. :</subfield><subfield code="b">Helena World Pub. Co.</subfield></datafield><datafield ind1=" " ind2=" " tag="300"><subfield code="a">v.</subfield></datafield><datafield ind1=" " ind2=" " tag="310"><subfield code="a">Daily (except Saturday)</subfield></datafield><datafield ind1="0" ind2=" " tag="362"><subfield code="a">Vol. 112, no. 121 (Apr. 22, 1984)-</subfield></datafield><datafield ind1=" " ind2=" " tag="515"><subfield code="a">Numbering is irregular.</subfield></datafield><datafield ind1=" " ind2="0" tag="651"><subfield code="a">Helena (Ark.)</subfield><subfield code="v">Newspapers.</subfield></datafield><datafield ind1=" " ind2="0" tag="651"><subfield code="a">West Helena (Ark.)</subfield><subfield code="v">Newspapers.</subfield></datafield><datafield ind1=" " ind2="7" tag="655"><subfield code="a">Newspapers.</subfield><subfield code="2">fast</subfield><subfield code="0">(OCoLC)fst01423814</subfield></datafield><datafield ind1=" " ind2="7" tag="651"><subfield code="a">Arkansas</subfield><subfield code="z">Helena.</subfield><subfield code="2">fast</subfield><subfield code="0">(OCoLC)fst01217973</subfield></datafield><datafield ind1=" " ind2="7" tag="651"><subfield code="a">Arkansas</subfield><subfield code="z">West Helena.</subfield><subfield code="2">fast</subfield><subfield code="0">(OCoLC)fst01217933</subfield></datafield><datafield ind1=" " ind2=" " tag="752"><subfield code="a">United States</subfield><subfield code="b">Arkansas</subfield><subfield code="c">Phillips</subfield><subfield code="d">Helena.</subfield></datafield><datafield ind1=" " ind2=" " tag="752"><subfield code="a">United States</subfield><subfield code="b">Arkansas</subfield><subfield code="c">Phillips</subfield><subfield code="d">West Helena.</subfield></datafield><datafield ind1="0" ind2="0" tag="780"><subfield code="t">Helena West Helena world</subfield><subfield code="w">(DLC)sn 89051408</subfield></datafield></record>